<?xml version="1.0" encoding="UTF-8"?><record xmlns="http://www.loc.gov/MARC21/slim" xmlns:cinclude="http://apache.org/cocoon/include/1.0" xmlns:zs="http://www.loc.gov/zing/srw/">
  <leader>01257cz  a2200265n  4500</leader>
  <controlfield tag="001">no2012020583</controlfield>
  <controlfield tag="003">DLC</controlfield>
  <controlfield tag="005">20120301080020.0</controlfield>
  <controlfield tag="008">120210n| azannaabn          |n aaa     c</controlfield>
  <datafield tag="010" ind1=" " ind2=" ">
    <subfield code="a">no2012020583</subfield>
  </datafield>
  <datafield tag="035" ind1=" " ind2=" ">
    <subfield code="a">(OCoLC)oca09112868</subfield>
  </datafield>
  <datafield tag="040" ind1=" " ind2=" ">
    <subfield code="a">NdU</subfield>
    <subfield code="b">eng</subfield>
    <subfield code="c">NdU</subfield>
    <subfield code="e">rda</subfield>
    <subfield code="d">DLC</subfield>
  </datafield>
  <datafield tag="046" ind1=" " ind2=" ">
    <subfield code="f">1975</subfield>
  </datafield>
  <datafield tag="100" ind1="1" ind2=" ">
    <subfield code="a">Lambertson, Kristen,</subfield>
    <subfield code="d">1975-</subfield>
  </datafield>
  <datafield tag="370" ind1=" " ind2=" ">
    <subfield code="c">Canada</subfield>
    <subfield code="e">Quebec</subfield>
    <subfield code="e">Vancouver, B.C.</subfield>
    <subfield code="e">Kamloops, B.C.</subfield>
  </datafield>
  <datafield tag="372" ind1=" " ind2=" ">
    <subfield code="a">Art</subfield>
    <subfield code="2">lcsh</subfield>
  </datafield>
  <datafield tag="373" ind1=" " ind2=" ">
    <subfield code="a">Powell Street Festival Society</subfield>
  </datafield>
  <datafield tag="373" ind1=" " ind2=" ">
    <subfield code="a">Kamloops Art Gallery</subfield>
  </datafield>
  <datafield tag="373" ind1=" " ind2=" ">
    <subfield code="a">University of British Columbia</subfield>
  </datafield>
  <datafield tag="373" ind1=" " ind2=" ">
    <subfield code="a">Concordia College</subfield>
  </datafield>
  <datafield tag="374" ind1=" " ind2=" ">
    <subfield code="a">Museum curators</subfield>
    <subfield code="2">lcsh</subfield>
  </datafield>
  <datafield tag="375" ind1=" " ind2=" ">
    <subfield code="a">female</subfield>
  </datafield>
  <datafield tag="377" ind1=" " ind2=" ">
    <subfield code="a">eng</subfield>
  </datafield>
  <datafield tag="670" ind1=" " ind2=" ">
    <subfield code="a">Diyan Achjadi &amp; Brendan Tang, c2009:</subfield>
    <subfield code="b">publication information (Kristen Lambertson)</subfield>
  </datafield>
  <datafield tag="670" ind1=" " ind2=" ">
    <subfield code="a">Powell Street Festival, WWW site, viewed Feb. 10, 2012</subfield>
    <subfield code="b">(Kristen Lambertson has a background in dance and studied art history at Concordia University and the University of British Columbia. Prior to joining the Powell Street Festival as the General Manager and Programming Director, she was an assistant curator at the Kamloops Art Gallery. She has experience working in non-profit galleries in BC and in Quebec.</subfield>
    <subfield code="u">http://www.powellstreetfestival.com/about/programming-committee/#kristen)</subfield>
  </datafield>
</record>